@inproceedings{cheng:2013,
  author    = {Xueqi Cheng and
               Jiafeng Guo and
               Shenghua Liu and
               Yanfeng Wang and
               Xiaohui Yan},
  title     = {Learning Topics in Short Texts by Non-negative Matrix Factorization
               on Term Correlation Matrix},
  booktitle = {SDM},
  year      = {2013},
  pages     = {749--757},
  bibsource = {DBLP, http://dblp.uni-trier.de}
}

@BOOK{witten:2005,
  title = {Data Mining: Practical Machine Learning Tools and Techniques with
    Java Implementations},
  publisher = {Morgan Kaufmann},
  year = {2005},
  author = { I. H. Witten and E. Frank},
  edition = {2nd},
  isbn = {0-12-088407-0}
}

@article{kao2004mining,
  title={Mining web informative structures and contents based on entropy analysis},
  author={Kao, Hung-Yu and Lin, Shian-Hua and Ho, Jan-Ming and Chen, Ming-Syan},
  journal={Knowledge and Data Engineering, IEEE Transactions on},
  volume={16},
  number={1},
  pages={41--55},
  year={2004},
  publisher={IEEE}
}

@inproceedings{bai:2013,
 author = {Bai, Lu and Guo, Jiafeng and Lan, Yanyan and Cheng, Xueqi},
 title = {Group sparse topical coding: from code to topic},
 booktitle = {ACM WSDM},
 year = {2013},
 isbn = {978-1-4503-1869-3},
 location = {Rome, Italy},
 pages = {315--324},
 numpages = {10},
 url = {http://doi.acm.org/10.1145/2433396.2433438},
 doi = {10.1145/2433396.2433438},
 acmid = {2433438},
 keywords = {document representation, group lasso, sparse coding, topic model},
} 


@inproceedings{orlandi:2012,
 author = {Orlandi, Fabrizio and Breslin, John and Passant, Alexandre},
 title = {Aggregated, interoperable and multi-domain user profiles for the social web},
 booktitle = {Proceedings of the 8th International Conference on Semantic Systems},
 series = {I-SEMANTICS '12},
 year = {2012},
 isbn = {978-1-4503-1112-0},
 location = {Graz, Austria},
 pages = {41--48},
 numpages = {8},
 url = {http://doi.acm.org/10.1145/2362499.2362506},
 doi = {10.1145/2362499.2362506},
 acmid = {2362506},
 publisher = {ACM},
 address = {New York, NY, USA},
 keywords = {semantic web, social web, user modeling, web of data, web personalization},
} 

@inproceedings{tao:2011,
 author = {Tao, K. and Abel, F. and Gao, Q. and Houben, G.},
 title = {{TUMS}: twitter-based user modeling service},
 booktitle = {Proc. of the 8th Int. Conf on The Semantic Web},
 year = {2012},
 isbn = {978-3-642-25952-4},
 pages = {269--283},
 numpages = {15},
 url = {http://dx.doi.org/10.1007/978-3-642-25953-1_22},
 doi = {10.1007/978-3-642-25953-1_22},
 acmid = {2186838},
 keywords = {semantic enrichment, service, twitter, user modeling},
} 


@inproceedings{zheleva:2009,
 author = {Zheleva, Elena and Getoor, Lise},
 title = {To join or not to join: the illusion of privacy in social networks with mixed public and private user profiles},
 booktitle = {WWW'09},
 year = {2009},
 isbn = {978-1-60558-487-4},
 location = {Madrid, Spain},
 pages = {531--540},
 numpages = {10},
 url = {http://doi.acm.org/10.1145/1526709.1526781},
 doi = {10.1145/1526709.1526781},
 acmid = {1526781},
 keywords = {attribute inference, groups, privacy, social networks},
} 


@inproceedings{abel:2011,
 author = {Abel, F. and Gao, Q. and Houben, G. and Tao, K.},
 title = {Analyzing user modeling on twitter for personalized news recommendations},
 booktitle = {UMAP'11},
 year = {2011},
 isbn = {978-3-642-22361-7},
 location = {Girona, Spain},
 pages = {1--12},
 numpages = {12},
 url = {http://dl.acm.org/citation.cfm?id=2021855.2021857},
 acmid = {2021857},
 keywords = {personalization, semantics, twitter, user modeling},
} 

@inproceedings{GoswamiSR09,
  title = {Stylometric Analysis of Bloggers Age and Gender},
  author = {Sumit Goswami and Sudeshna Sarkar and Mayur Rustagi},
  year = {2009},
  tags = {analysis},
  researchr = {http://researchr.org/publication/GoswamiSR09},
  cites = {0},
  citedby = {0},
  booktitle = {Proceedings of the Third International Conference on Weblogs and Social Media, ICWSM 2009, San Jose, California, USA, May 17-20, 2009},
  editor = {Eytan Adar and Matthew Hurst and Tim Finin and Natalie S. Glance and Nicolas Nicolov and Belle L. Tseng},
  publisher = {The AAAI Press},
  isbn = {978-1-57735-421-5},
}
@article{schler2006effects,
  title={Effects of age and gender on blogging},
  author={Schler, J. and Koppel, M. and Argamon, S. and Pennebaker, J.},
  journal={Proceedings of 2006 AAAI Spring Symposium on Computational Approaches for Analyzing Weblogs},
  pages={199--205},
  year={2006}
}

@article{cha2010measuring,
  title={Measuring User Influence in Twitter: The Million Follower Fallacy.},
  author={Cha, Meeyoung and Haddadi, Hamed and Benevenuto, Fabricio and Gummadi, P Krishna},
  journal={ICWSM},
  volume={10},
  pages={10--17},
  year={2010}
}
@inproceedings{java2007we,
  title={Why we twitter: understanding microblogging usage and communities},
  author={Java, Akshay and Song, Xiaodan and Finin, Tim and Tseng, Belle},
  booktitle={Proceedings of the 9th WebKDD and 1st SNA-KDD 2007 workshop on Web mining and social network analysis},
  pages={56--65},
  year={2007},
  organization={ACM}
}

@article{davisjr:2011,
  author    = {Clodoveu Augusto Davis-Jr. and
               Gisele Lobo Pappa and
               Diogo Renn{\'o} Rocha de Oliveira and
               Filipe de Lima Arcanjo},
  title     = {Inferring the Location of Twitter Messages Based on User
               Relationships},
  journal   = {T. GIS},
  volume    = {15},
  number    = {6},
  year      = {2011},
  pages     = {735-751},
  ee        = {http://dx.doi.org/10.1111/j.1467-9671.2011.01297.x},
  bibsource = {DBLP, http://dblp.uni-trier.de}
}

@inproceedings{peersman:2011,
 author = {Peersman, Claudia and Daelemans, Walter and Van Vaerenbergh, Leona},
 title = {Predicting age and gender in online social networks},
 booktitle = {Proceedings of the 3rd international workshop on Search and mining user-generated contents},
 series = {SMUC '11},
 year = {2011},
 isbn = {978-1-4503-0949-3},
 location = {Glasgow, Scotland, UK},
 pages = {37--44},
 numpages = {8},
 url = {http://doi.acm.org/10.1145/2065023.2065035},
 doi = {10.1145/2065023.2065035},
 acmid = {2065035},
 publisher = {ACM},
 address = {New York, NY, USA},
 keywords = {age and gender prediction, cyber-pedophilia detection, social media, stylometry, text categorization},
} 


@book{aggarwal2012mining,
  title={Mining text data},
  author={Aggarwal, Charu C},
  year={2012},
  publisher={Springer Science+ Business Media}
}

@book{baeza1999modern,
  title={Modern information retrieval},
  author={Baeza-Yates, Ricardo and Ribeiro-Neto, Berthier and others},
  volume={463},
  year={1999},
  publisher={ACM press New York}
}

@book{mihalcea2011graph,
  title={Graph-based natural language processing and information retrieval},
  author={Mihalcea, Rada and Radev, Dragomir},
  year={2011},
  publisher={Cambridge University Press}
}

@book{johnson2002applied,
  title={Applied multivariate statistical analysis},
  author={Johnson, R. A. and Wichern, D. W},
  volume={5},
  year={2002},
  publisher={Prentice Hall }
}

@inproceedings{newEngine,
     author={G. M. Del Corso and A. Gulli and F. Romani},
     title={Ranking a Stream of News},
     booktitle={Proc. of 14th WWW},
     year={2005},
     address={Chiba, Japan}
}

@inproceedings{Burger2011,
 author = {Burger, John D. and Henderson, John and Kim, George and Zarrella, Guido},
 title = {Discriminating gender on Twitter},
 booktitle = {Proceedings of the Conference on Empirical Methods in Natural Language Processing},
 series = {EMNLP '11},
 year = {2011},
 isbn = {978-1-937284-11-4},
 location = {Edinburgh, United Kingdom},
 pages = {1301--1309},
 numpages = {9},
 url = {http://dl.acm.org/citation.cfm?id=2145432.2145568},
 acmid = {2145568},
 publisher = {Association for Computational Linguistics},
 address = {Stroudsburg, PA, USA},
} 

@inproceedings{cvijikj2011monitoring,
  title={Monitoring trends on facebook},
  author={Cvijikj, Irena Pletikosa and Michahelles, Florian},
  booktitle={Dependable, Autonomic and Secure Computing (DASC), 2011 IEEE Ninth International Conference on},
  pages={895--902},
  year={2011},
  organization={IEEE}
}

@incollection{saif2012semantic,
  title={Semantic sentiment analysis of twitter},
  author={Saif, Hassan and He, Yulan and Alani, Harith},
  booktitle={The Semantic Web--ISWC 2012},
  pages={508--524},
  year={2012},
  publisher={Springer}
}

@inproceedings{pennacchiotti2011democrats,
  title={Democrats, republicans and starbucks afficionados: user classification in twitter},
  author={Pennacchiotti, Marco and Popescu, Ana-Maria},
  booktitle={ACM SIGKDD},
  pages={430--438},
  year={2011},
}

@article{tsoumakas2007multi,
  title={Multi-label classification: An overview},
  author={Tsoumakas, Grigorios and Katakis, Ioannis},
  journal={International Journal of Data Warehousing and Mining (IJDWM)},
  volume={3},
  number={3},
  pages={1--13},
  year={2007},
  publisher={IGI Global}
}

@article{kuhn2007semantic,
  title={Semantic clustering: Identifying topics in source code},
  author={Kuhn, Adrian and Ducasse, St{\'e}phane and G{\'\i}rba, Tudor},
  journal={Information and Software Technology},
  volume={49},
  number={3},
  pages={230--243},
  year={2007},
  publisher={Elsevier}
}

@article{kaplan2010users,
  title={Users of the world, unite! The challenges and opportunities of Social Media},
  author={Kaplan, Andreas M and Haenlein, Michael},
  journal={Business horizons},
  volume={53},
  number={1},
  pages={59--68},
  year={2010},
  publisher={Elsevier}
}

@inproceedings{Benevenuto2009,
 author = {Benevenuto, Fabr\'{\i}cio and Rodrigues, Tiago and Cha, Meeyoung and Almeida, Virg\'{\i}lio},
 title = {Characterizing user behavior in online social networks},
 booktitle = {Proceedings of the 9th ACM SIGCOMM conference on Internet measurement conference},
 series = {IMC '09},
 year = {2009},
 isbn = {978-1-60558-771-4},
 location = {Chicago, Illinois, USA},
 pages = {49--62},
 numpages = {14},
 url = {http://doi.acm.org/10.1145/1644893.1644900},
 doi = {10.1145/1644893.1644900},
 acmid = {1644900},
 publisher = {ACM},
 address = {New York, NY, USA},
} 

@article{pons2007topic,
  title={Topic discovery based on text mining techniques},
  author={Pons-Porrata, Aurora and Berlanga-Llavori, Rafael and Ruiz-Shulcloper, Jos{\'e}},
  journal={Information processing \& management},
  volume={43},
  number={3},
  pages={752--768},
  year={2007},
  publisher={Elsevier}
}

@inproceedings{chen1995topic,
  title={Topic identification in discourse},
  author={Chen, Kuang-hua},
  booktitle={Proc. of the 7th Conf. of the Association for Computational Linguistics},
  pages={267--271},
  year={1995},
  organization={Morgan Kaufmann Publishers Inc.}
}

@incollection{ayad2002topic,
  title={Topic discovery from text using aggregation of different clustering methods},
  author={Ayad, Hanan and Kamel, Mohamed},
  booktitle={Advances in Artificial Intelligence},
  pages={161--175},
  year={2002},
  publisher={Springer}
}

@article{ozmutlu2006automatic,
  title={Automatic new topic identification using multiple linear regression},
  author={Ozmutlu, Seda},
  journal={Information Processing \& Management},
  volume={42},
  number={4},
  pages={934--950},
  year={2006},
  publisher={Elsevier}
}

@inproceedings{xu2003document,
  title={Document clustering based on non-negative matrix factorization},
  author={Xu, Wei and Liu, Xin and Gong, Yihong},
  booktitle={ACM SIGIR},
  pages={267--273},
  year={2003},
}

@inproceedings{dumais1995latent,
  title={Latent semantic indexing},
  author={Dumais, Susan T and Furnas, G and Landauer, T and Deerwester, S and Deerwester, S and others},
  booktitle={Proceedings of the Text Retrieval Conference},
  year={1995}
}

@article{osinski2005concept,
  title={A concept-driven algorithm for clustering search results},
  author={Osinski, Stanislaw and Weiss, Dawid},
  journal={Intelligent Systems, IEEE},
  volume={20},
  number={3},
  pages={48--54},
  year={2005},
  publisher={IEEE}
}

@article{blei2003latent,
  title={Latent dirichlet allocation},
  author={Blei, David M and Ng, Andrew Y and Jordan, Michael I},
  journal={the Journal of machine Learning research},
  volume={3},
  pages={993--1022},
  year={2003},
  publisher={JMLR. org}
}

@inproceedings{ramage2010characterizing,
  title={Characterizing microblogs with topic models},
  author={Ramage, Daniel and Dumais, Susan and Liebling, Dan},
  booktitle={AAAI ICWSM},
  volume={5},
  number={4},
  pages={130--137},
  year={2010}
}

@inproceedings{jin2004unified,
  title={A unified approach to personalization based on probabilistic latent semantic models of web usage and content},
  author={Jin, Xin and Zhou, Yanzan and Mobasher, Bamshad},
  booktitle={Proceedings of the AAAI 2004 Workshop on Semantic Web Personalization (SWP'04)},
  year={2004}
}

@article{li2003topic,
  title={Topic analysis using a finite mixture model},
  author={Li, Hang and Yamanishi, Kenji},
  journal={Information processing \& management},
  volume={39},
  number={4},
  pages={521--541},
  year={2003},
  publisher={Elsevier}
}

@inproceedings{jacobs1992joining,
  title={Joining statistics with NLP for text categorization},
  author={Jacobs, Paul S},
  booktitle={Proceedings of the third conference on Applied natural language processing},
  pages={178--185},
  year={1992},
  organization={Association for Computational Linguistics}
}

@article{liu2004conceptnet,
  title={ConceptNet—a practical commonsense reasoning tool-kit},
  author={Liu, Hugo and Singh, Push},
  journal={BT technology journal},
  volume={22},
  number={4},
  pages={211--226},
  year={2004},
  publisher={Springer}
}

@incollection{abel2011semantic,
  title={Semantic enrichment of twitter posts for user profile construction on the social web},
  author={Abel, F. and Gao, Q. and Houben, G. and Tao, K.},
  booktitle={The Semanic Web: Research and Applications},
  pages={375--389},
  year={2011},
  publisher={Springer}
}

@article{moon1996expectation,
  title={The expectation-maximization algorithm},
  author={Moon, Todd K},
  journal={Signal processing magazine, IEEE},
  volume={13},
  number={6},
  pages={47--60},
  year={1996},
  publisher={IEEE}
}

@misc{cruz2011semantic,
  title={Semantic clustering of social networks using points of view},
  author={Cruz, Juan David and Bothorel, C{\'e}cile and Poulet, Fran{\c{c}}ois},
  year={2011},
  publisher={CORIA}
}

@inproceedings{rosenberg2007v,
  title={V-measure: A conditional entropy-based external cluster evaluation measure},
  author={Rosenberg, A. and Hirschberg, J.},
  booktitle={Proceedings of the 2007 Joint Conference on Empirical Methods in Natural Language Processing and Computational Natural Language Learning (EMNLP-CoNLL)},
  volume={410},
  pages={420},
  year={2007}
}

@article{berry2007algorithms,
  title={Algorithms and applications for approximate nonnegative matrix factorization},
  author={Berry, M.W. and Browne, M. and Langville, A.N. and Pauca, V.P. and Plemmons, R.J.},
  journal={Computational Statistics \& Data Analysis},
  volume={52},
  number={1},
  pages={155--173},
  year={2007},
  publisher={Elsevier}
}

@article{seung2001algorithms,
  title={Algorithms for non-negative matrix factorization},
  author={Seung, D. and Lee, L.},
  journal={Advances in neural information processing systems},
  volume={13},
  pages={556--562},
  year={2001}
}

@article{lin2007convergence,
  title={On the convergence of multiplicative update algorithms for nonnegative matrix factorization},
  author={Lin, C.J.},
  journal={Neural Networks, IEEE Transactions on},
  volume={18},
  number={6},
  pages={1589--1596},
  year={2007},
  publisher={IEEE}
}

@inproceedings{mouraooblivion,
  title={The Oblivion Problem: Exploiting forgotten items to improve recommendation diversity},
  author={Mour{\~a}o, F. and Fonseca, C. and Ara{\'u}jo, C. and Meira Jr, W.},
  booktitle={DiveRS: Workshop on Novelty and Diversity in Recommender Systems},
  year={2011}
}

@article{mcginty2003role,
  title={On the role of diversity in conversational recommender systems},
  author={McGinty, L. and Smyth, B.},
  journal={Case-Based Reasoning Research and Development},
  year={2003},
  publisher={Springer}
}

@article{mcsherry2002diversity,
  title={Diversity-conscious retrieval},
  author={McSherry, D.},
  journal={Advances in Case-Based Reasoning},
  pages={27--53},
  year={2002},
  publisher={Springer}
}

@inproceedings{ziegler2005improving,
  title={Improving recommendation lists through topic diversification},
  author={Ziegler, C.N. and McNee, S.M. and Konstan, J.A. and Lausen, G.},
  booktitle={Proc. of the 14th WWW},
  pages={22--32},
  year={2005},
  organization={ACM}
}

@article{smyth2001similarity,
  title={Similarity vs. diversity},
  author={Smyth, B. and McClave, P.},
  journal={Case-Based Reasoning Research and Development},
  pages={347--361},
  year={2001},
  publisher={Springer}
}

@conference{1454012,
  title={{The long tail of recommender systems and how to leverage it}},
  author={Park, Y.J. and Tuzhilin, A.},
  booktitle={Proc. of the ACM RecSys},
  pages={11--18},
  year={2008},
  organization={ACM}
}

@book{anderson2006lt,
  title={{The long tail}},
  author={Anderson, C.},
  isbn={9792225226},
  year={2006},
  publisher={Gramedia Pustaka Utama}
}

@article{vargasnew,
  title={New Approaches to Diversity and Novelty in Recommender Systems},
  author={Vargas, S.},
  booktitle={Fourth BCS-IRSG Symposium on Future Directions in Information Access},
  year={2011}
}

@inproceedings{weng2007improving,
  title={Improving recommendation novelty based on topic taxonomy},
  author={Weng, L.T. and Xu, Y. and Li, Y. and Nayak, R.},
  booktitle={IEEE/WIC/ACM International Conferences on WI-IAT},
  pages={115--118},
  year={2007},
  organization={IEEE}
}

@inproceedings{zhang2008avoiding,
  title={Avoiding monotony: improving the diversity of recommendation lists},
  author={Zhang, M. and Hurley, N.},
  booktitle={Proc. of the ACM RecSys},
  pages={123--130},
  year={2008},
  organization={ACM}
}

@inproceedings{castells2011novelty,
  title={Rank and relevance in novelty and diversity metrics for recommender systems},
  author={Vargas, S. and Castells, P.},
  booktitle={Proc. of the 5th ACM RecSys},
  pages={109--116},
  year={2011},
  organization={ACM}
}

@inproceedings{castellsnovelty,
  title={Novelty and Diversity Metrics for Recommender Systems: Choice, Discovery and Relevance},
  author={Castells, P. and Vargas, S. and Wang, J.},
  booktitle={Proc. of International Workshop DDR},
  year={2011},
  pages={29--37}
}

@book{kagie2009empirical,
  title={{An Empirical Comparison of Dissimilarity Measures for Recommender Systems}},
  author={Kagie, M. and Van Wezel, M. and Groenen, P.J.F.},
  year={2009},
  publisher={Erasmus Research Institute of Management, Erasmus University}
}

@article{weimer2008cofi,
  title={{Cofi rank-maximum margin matrix factorization for collaborative ranking}},
  author={Weimer, M. and Karatzoglou, A. and Le, Q. and Smola, A.},
  journal={Advances in neural information processing systems},
  volume={20},
  pages={1593--1600},
  year={2008}
}

@conference{bennett2007netflix,
  title={{The netflix prize}},
  author={Bennett, J. and Lanning, S.},
  booktitle={Proceedings of KDD Cup and Workshop},
  volume={2007},
  year={2007},
  organization={Citeseer}
}

@article{abbassi2009recommender,
  title={{A recommender system based on local random walks and spectral methods}},
  author={Abbassi, Z. and Mirrokni, V.},
  journal={Advances in Web Mining and Web Usage Analysis},
  pages={139--153},
  year={2009},
  publisher={Springer}
}

@conference{zhang2008topical,
  title={{A topical PageRank based algorithm for recommender systems}},
  author={Zhang, L. and Zhang, K. and Li, C.},
  booktitle={Proceedings of the 31st annual international ACM SIGIR conference on Research and development in information retrieval},
  pages={713--714},
  year={2008},
  organization={ACM}
}

@conference{yildirim2008random,
  title={{A random walk method for alleviating the sparsity problem in collaborative filtering}},
  author={Yildirim, H. and Krishnamoorthy, M.S.},
  booktitle={Proceedings of the 2008 ACM conference on Recommender systems},
  pages={131--138},
  year={2008},
  organization={ACM}
}

@conference{basu1998recommendation,
  title={{Recommendation as classification: Using social and content-based information in recommendation}},
  author={Basu, C. and Hirsh, H. and Cohen, W.},
  booktitle={Proc. of the National Conference on Artificial Intelligence},
  pages={714--720},
  year={1998}
}

@conference{billsus1998learning,
  title={{Learning collaborative information filters}},
  author={Billsus, D. and Pazzani, M.J.},
  booktitle={Proc. of the 15th International Conference on Machine Learning},
  volume={54},
  pages={48},
  year={1998}
}

@article{yu2004probabilistic,
  title={{Probabilistic memory-based collaborative filtering}},
  author={Yu, K. and Schwaighofer, A. and Tresp, V. and Xu, X. and Kriegel, H.P.},
  journal={IEEE TKDE},
  volume={16},
  number={1},
  pages={56--69},
  year={2004}
}

@conference{sarwar2000application,
  title={{Application of dimensionality reduction in recommender system--a case study}},
  author={Sarwar, B.M. and Karypis, G. and Konstan, J.A. and Riedl, J.},
  booktitle={ACM WebKDD 2000 Web Mining for E-Commerce Workshop},
  year={2000},
  organization={Citeseer}
}

@conference{baltrunas-towards,
  title={{Towards Time-Dependant Recommendation based on Implicit Feedback}},
  author={Baltrunas, L. and Amatriain, X.},
  booktitle={Proc of CARS-2009},
  year={2009}
}

@conference{hu8collaborative,
  title={{Collaborative filtering for implicit feedback datasets}},
  author={Hu, Y. and Koren, Y. and Volinsky, C.},
  booktitle={Proc. of 8th IEEE Int. Conf. on Data Mining},
  year={2008},
  pages={263--272}
}

@conference{boldi2005pagerank,
  title={{PageRank as a function of the damping factor}},
  author={Boldi, P. and Santini, M. and Vigna, S.},
  booktitle={Proceedings of the 14th international conference on World Wide Web},
  pages={566},
  year={2005},
  organization={ACM}
}

@article{hybridsurvey,
  title={{Hybrid recommender systems: Survey and experiments}},
  author={Burke, R.},
  journal={User Modeling and User-Adapted Interaction},
  volume={12},
  number={4},
  pages={331--470},
  year={2002},
  publisher={Springer}
}

@conference{2007rec,
  title={{A recommender system based on local random walks and spectral methods}},
  author={Abbasse, Z. and Mirrokni, V.S.},
  booktitle={Proc. of the 9th WebKDD and 1st SNA-KDD},
  pages={102--108},
  year={2007}
}

@article{borgelt2004shape,
  title={{Shape and size regularization in expectation maximization and fuzzy clustering}},
  author={Borgelt, C. and Kruse, R.},
  journal={Lecture notes in computer science},
  pages={52--62},
  year={2004},
  publisher={Springer}
}

@book{deza2006dictionary,
  title={{Dictionary of distances}},
  author={Deza, E.},
  year={2006},
  publisher={Elsevier Science}
}

@inproceedings{koren2009collaborative,
  title={{Collaborative filtering with temporal dynamics}},
  author={Koren, Y.},
  booktitle={Proc. of the 15th ACM SIGKDD},
  pages={447--456},
  year={2009},
  organization={ACM New York, NY, USA}
}

@conference{personalization,
  title={{Personalization of user profiles for content-based music retrieval based on relevance feedback}},
  author={Hoashi, K. and Matsumoto, K. and Inoue, N.},
  booktitle={Proc. of the 11th ACM Multimedia},
  pages={110--119},
  year={2003},
  organization={ACM New York, NY, USA}
}

@article{expert,
  title={{Expert-driven validation of rule-based user models in personalization applications}},
  author={Adomavicius, G. and Tuzhilin, A.},
  journal={Data Mining and Knowledge Discovery},
  volume={5},
  number={1},
  pages={33--58},
  year={2001},
  publisher={Springer}
}

@book{menasce2000sbt,
  title={{Scaling for E-Business: technologies, models, performance, and capacity planning}},
  author={Menasce, D.A. and Almeida, V.A.F.},
  year={2000},
  publisher={Prentice Hall PTR}
}

@article{fuzzy,
  title={{A Modified Fuzzy C-Means Algorithm For Collaborative Filtering}},
  author={Wu, J. and Li, T.},
  booktitle={Proceedings of the 2nd Netflix-KDD Workshop},
  year={2008},
  publisher={ACM New York, NY, USA}
}

@inproceedings{yehuda,
 author = {Koren, Yehuda},
 title = {Factorization meets the neighborhood: a multifaceted collaborative filtering model},
 booktitle = {Proc. of the 14th ACM SIGKDD},
 year = {2008},
 isbn = {978-1-60558-193-4},
 location = {Las Vegas, Nevada, USA},
 doi = {http://doi.acm.org/10.1145/1401890.1401944},
 publisher = {ACM},
 address = {New York, NY, USA},
 }

@conference{takacs,
  title={{Investigation of Various Matrix Factorization Methods for Large Recommender Systems}},
  author={G. Tak\'{a}cs and I. Pil\'{a}szy and  B. N\'{e}meth and D. Tikk},
  booktitle={Proc. of the 2nd Netflix-KDD Workshop},
  year={2008},
  publisher={ACM New York, NY, USA}
}

@conference{chen2001mrs,
  title={{A music recommendation system based on music and user grouping}},
  author={Chen, H.C. and Chen, A.L.P.},
  journal={Journal of Intelligent Information Systems},
  volume={24},
  number={2},
  pages={113--132},
  year={2005},
  publisher={Springer}
}

@article{adomavicius2005tng,
  title={{Toward the next generation of recommender systems: A survey of the state-of-the-art and possible extensions}},
  author={Adomavicius, G. and Tuzhilin, A.},
  journal={IEEE TKDE},
  volume={17},
  number={6},
  pages={734--749},
  year={2005}
}

@conference{uitdenbogerd2002rfa,
  title={{A review of factors affecting music recommender success}},
  author={Uitdenbogerd, A. and van Schyndel, R.},
  booktitle={Proceedings of 3rd International Conference on Music Information Retrieval, Paris, France},
  year={2002}
}

@article{breese1992eap,
  title={{Empirical analysis of predictive algorithms for collaborative filtering}},
  author={Breese, J.S. and Heckerman, D. and Kadie, C.},
  journal={Learning},
  volume={9},
  pages={309--347},
  year={1992},
  publisher={McGraw-Hill}
}

@conference{herlocker1999afp,
  title={{An algorithmic framework for performing collaborative filtering}},
  author={Herlocker, J.L. and Konstan, J.A. and Riedl, J.},
  booktitle={Proceedings of the 22nd annual international ACM SIGIR conference on Research and development in information retrieval},
  pages={230--237},
  year={1999},
  organization={ACM New York, NY, USA}
}

@conference{adomavicius2001ers,
  title={Extending recommender systems: A multidimensional approach},
  author={G. Adomavicius and A. Tuzhilin },
  booktitle={Proceedings of the Workshop on Intelligent Techniques for Web Personalization (ITWP2001)},
  pages={4--6},
  year={2001}
}

@article{adomavicius2005ici,
  title={{Incorporating contextual information in recommender systems using a multidimensional approach}},
  author={Adomavicius, G. and Sankaranarayanan, R. and Sen, S. and Tuzhilin, A.},
  journal={ACM Transactions on Information Systems (TOIS)},
  volume={23},
  number={1},
  pages={103--145},
  year={2005},
  publisher={ACM New York, NY, USA}
}

@conference{pearson2007rrb,
  title={{Reciprocal Rank-Based Comparison of Ordered Gene Lists}},
  author={Pearson, RK},
  booktitle={IEEE International Workshop on Genomic Signal Processing and Statistics, 2007. GENSIPS 2007},
  pages={1--3},
  year={2007}
}

@article{metzler2005dmr,
  title={{Direct maximization of rank-based metrics for information retrieval}},
  author={Metzler, D.A. and Croft, W.B. and McCallum, A.},
  year={2005},
  publisher={Technical report, CIIR, 2005}
}

@article{page1998pcr,
  title={{The pagerank citation ranking: Bringing order to the web}},
  author={Page, L. and Brin, S. and Motwani, R. and Winograd, T.},
  year={1998},
  publisher={Technical report, Stanford Digital Library Technologies Project, 1998}
}

@conference{fagin2003ctk,
  title={{Comparing top k lists}},
  author={Fagin, R. and Kumar, R. and Sivakumar, D.},
  booktitle={Proceedings of the fourteenth annual ACM-SIAM symposium on Discrete algorithms},
  pages={28--36},
  year={2003},
  organization={Society for Industrial and Applied Mathematics Philadelphia, PA, USA}
}

@article{hartigan1979kmc,
  title={{A k-means clustering algorithm}},
  author={Hartigan, JA and Wong, MA},
  journal={JR Stat. Soc., Ser. C},
  volume={28},
  pages={100--108},
  year={1979}
}

@conference{aggarwal1998ogp,
  title={{Online generation of profile association rules}},
  author={Aggarwal, C.C. and Sun, Z. and Yu, P.S.},
  booktitle={Proceedings of the Fourth International Conference on Knowledge Discovery and Data Mining},
  pages={129--133},
  year={1998}
}

@article{245124,
 author = {Balabanovi\'{c}, Marko and Shoham, Yoav},
 title = {Fab: content-based, collaborative recommendation},
 journal = {Commun. ACM},
 volume = {40},
 number = {3},
 year = {1997},
 issn = {0001-0782},
 pages = {66--72},
 doi = {http://doi.acm.org/10.1145/245108.245124},
 publisher = {ACM},
 address = {New York, NY, USA},
 }

@inproceedings{1526725,
 author = {Stern, David H. and Herbrich, Ralf and Graepel, Thore},
 title = {Matchbox: large scale online bayesian recommendations},
 booktitle = {WWW '09: Proceedings of the 18th international conference on World wide web},
 year = {2009},
 isbn = {978-1-60558-487-4},
 pages = {111--120},
 location = {Madrid, Spain},
 doi = {http://doi.acm.org/10.1145/1526709.1526725},
 publisher = {ACM},
 address = {New York, NY, USA},
 }
